@article{welch1947generalization,
  title={The generalization ofstudent's' problem when several different population variances are involved},
  author={Welch, Bernard L},
  journal={Biometrika},
  volume={34},
  number={1/2},
  pages={28--35},
  year={1947},
  publisher={JSTOR}
}

@article{welch1951comparison,
  title={On the comparison of several mean values: an alternative approach},
  author={Welch, Bernard Lewis},
  journal={Biometrika},
  volume={38},
  number={3/4},
  pages={330--336},
  year={1951},
  publisher={JSTOR}
}
